@book{klein,
title     = "Radio astronomy: Tools, applications, and impacts",
year      = "2006",
address   = "The Argelander-Institut für Astronomie (AIfA)"
}
@book{lecturenote,
title     = "S262 – Setting up a radio-astronomical receiver/Setting up a radio interferometer",
year      = "2023",
address   = "The Argelander-Institut für Astronomie (AIfA)"
}
@book{radiometereq,
author    = "Iain H. Woodhouse",
title     = "Introduction to Microwave Remote Sensing",
year      = "2006",
publisher = "Addison-Wesley",
address   = "Reading, Massachusetts"
}

@book{bandwidth,
    author = "B. P Lathi",
    title = "Signal Processing and Linear Systems",
    publisher = "Berkeley Cambridge Press",
    year = "1998"
}
@misc{scipy,
  title = {SciPy: Open Source Scientific Tools for Python},
  howpublished = {\url{https://www.scipy.org/}},
}
@book{amplifiers,
author    = "Wes H. Hayward",
title     = "Introduction to Radio Frequency Design",
year      = "1995",
publisher   = "Amer Radio Relay League"
}
@book{mixers,
author    = "David M. Pozar",
title     = "Microwave Engineering",
year      = "2021",
publisher = "Wiley",
}
@book{antennas,
author    = "Warren L. Stutzman",
title     = "Antenna Theory and Design",
year      = "2012",
publisher   = "Wiley"
}

@book{Tools,
  author = "Thomas L. Wilson  Kristen Rohlfs Susanne Huttemeister",
  title = "Tools of Radio Astronomy",
  year = "2013",
  doi = "10.1007/978-3-642-39950-3",
}
@book{Thesun,
  title={The Sun: An Introduction},
  author={Stix, M.},
  series={Astronomy and Astrophysics Library},
  url={https://books.google.de/books?id=9V7yCAAAQBAJ},
  year={2012},
  publisher={Springer Berlin Heidelberg}
}
@book{Planklaw,
  title={Passive Infrared Detection: Theory and Applications},
  author={Caniou, J.},
  isbn={9780792385325},
  lccn={99015354},
  url={https://books.google.de/books?id=X-aFGcf6pOEC},
  year={1999},
  publisher={Springer US}
}
@misc{activequitesun,
  title = {Solar Radio Emission},
  howpublished = {\url{https://physicsopenlab.org/2020/10/25/solar-radio-emission/}},
  year={2020},
  publisher={physicsopenlab.org}
}
@misc{sizeofsun,
  title = {The radio Sun},
  howpublished = {\url{https://www.radio2space.com/the-radio-sun/}},
  year={2015}
}

