@misc{scipy,
  title = {SciPy: Open Source Scientific Tools for Python},
  howpublished = {\url{https://www.scipy.org/}}
}
@book{lecturenote,
title     = "A246 - High Resolution Laser Spectroscopy",
year      = "2022",
address   = "Institute For Applied Physics, University of Bonn"
}
@article{Rb87,
  title={Rubidium 87 D Line Data},
  author={Daniel Adam Steck},
  year={2023},
  url = {https://steck.us/alkalidata/},
  address ={Oregon Center for Optics and Department of Physics, University of Oregon}
}
@article{Rb85,
  title={Rubidium 85 D Line Data},
  author={Daniel Adam Steck},
  year={2023},
  url = {https://steck.us/alkalidata/},
  address ={Oregon Center for Optics and Department of Physics, University of Oregon}
}

@book{led,
    title = "Lasers and Instruments â€“ Introduction to Laser Technology",
    publisher = "Melles Griot"
}