@online{telescope,
    title     = {AIFA Telescope},
    year      = {2023},
    url       = {https://astro.uni-bonn.de/en/students/teleskop},
}

@online{m34,
    title     = {Christine Kronberg Hartmut Frommert},
    year      = {2007},
    url       = {https://http:/messier.seds.org/m/m034.html},
}
@online{simbad,
    title     = {SIMBAD: NGC 1039},
    year      = {2023},
    url       = {https://simbad.u-strasbg.fr/simbad/sim-fcoo},
}

@book{lecturenote,
    author = {Jakob den Brok},
    title = {Photometry of Star Clusters - Advanced Lab Course},
    year = {2023}
} 


@article{isochrones,
	author = {{Lejeune, T.} and {Schaerer, D.}},
	title = {Database of Geneva stellar evolution tracks and isochrones  for 
(UBV)(RI) JHKLLâ€™M, HST-WFPC2, Geneva and Washington photometric systems},
	DOI= "10.1051/0004-6361:20000214",
	url= "https://doi.org/10.1051/0004-6361:20000214",
	journal = {A\&A},
	year = 2001,
	volume = 366,
	number = 2,
	pages = "538-546",
}


@article{netopil,
	author = {{Netopil, M.} and {Paunzen, E.} and {Heiter, U.} and {Soubiran, C.}},
	title = {On the metallicity of open clusters - III. Homogenised sample},
	DOI= "10.1051/0004-6361/201526370",
	url= "https://doi.org/10.1051/0004-6361/201526370",
	journal = {A\&A},
	year = 2016,
	volume = 585,
	pages = "A150",
	month = "",
}

@article{jones,
       author = {{Jones}, B.~F. and {Prosser}, Charles F.},
        title = {Membership of Stars in NGC 1039 (M34)},
     keywords = {OPEN CLUSTERS AND ASSOCIATIONS: INDIVIDUAL: NGC 1039},
         year = 1996,
        month = mar,
       volume = {111},
        pages = {1193},
          doi = {10.1086/117865},
       adsurl = {https://ui.adsabs.harvard.edu/abs/1996AJ....111.1193J},
      adsnote = {Provided by the SAO/NASA Astrophysics Data System}
}