@book{lecturenote,
    title = "E207 - Lab Course Accelerator Bonn (LAB)",
    year = "2020"
} 

@Manual{numpy,
  title = {NumPy},
  author = {{NumPy Community}},
  organization = {NumPy Community},
  year = {2023},
  url = {https://numpy.org/},
}

@Manual{sympy,
  title = {SymPy},
  author = {{SymPy Community}},
  organization = {SymPy Community},
  year = {2023},
  url = {https://sympy.org/},
}

@manual{scipy,
  title = {SciPy: Open Source Scientific Tools for Python},
  author = {{SciPy Developers}},
  organization = {SciPy},
  year = {2023},
  url = {https://www.scipy.org/},
  
}


@online{elsa,
  title = {Elektronen-Stretcher Anlage ELSA-Facility},
  url = {https://www-elsa.physik.uni-bonn.de/},
  howpublished = {\url{https://www-elsa.physik.uni-bonn.de/}},
}